@INPROCEEDINGS{cascaded1,
  author={P. {Doll√°r} and P. {Welinder} and P. {Perona}},
  booktitle={2010 IEEE Computer Society Conference on Computer Vision and Pattern Recognition}, 
  title={Cascaded pose regression}, 
  year={2010},
  volume={},
  number={},
  pages={1078-1085},}
  
@INPROCEEDINGS{cascaded2,
  author={V. {Kazemi} and J. {Sullivan}},
  booktitle={2014 IEEE Conference on Computer Vision and Pattern Recognition}, 
  title={One millisecond face alignment with an ensemble of regression trees}, 
  year={2014},
  volume={},
  number={},
  pages={1867-1874},}
  
@INPROCEEDINGS{cascaded3,
  author={X. {Cao} and Y. {Wei} and F. {Wen} and J. {Sun}},
  booktitle={2012 IEEE Conference on Computer Vision and Pattern Recognition}, 
  title={Face alignment by Explicit Shape Regression}, 
  year={2012},
  volume={},
  number={},
  pages={2887-2894},}

  
@article{cascaded4,
  author    = {Lin Feng and
               Caifeng Liu and
               Shenglan Liu and
               Huibing Wang},
  title     = {A fast online cascaded regression algorithm for face alignment},
  journal   = {CoRR},
  volume    = {abs/1905.04010},
  year      = {2019},
  url       = {http://arxiv.org/abs/1905.04010},
  archivePrefix = {arXiv},
  eprint    = {1905.04010},
  timestamp = {Tue, 10 Mar 2020 19:24:26 +0100},
  biburl    = {https://dblp.org/rec/journals/corr/abs-1905-04010.bib},
  bibsource = {dblp computer science bibliography, https://dblp.org}
  }
  
 @misc{canu_2019, title={Pig's nose (Instagram face filter) - Opencv with Python}, url={https://pysource.com/2019/03/25/pigs-nose-instagram-face-filter-opencv-with-python/}, journal={Pysource}, author={Canu, Sergio}, year={2019}, month={Jun}}
